@misc{darkmatter,
	author = {Dan Boneh and Yuval Ishai and Alain Passel\`egue and Amit Sahai and David J. Wu},
	title = {Exploring Crypto Dark Matter: New Simple PRF Candidates and Their Applications},
	howpublished = {Cryptology ePrint Archive, Report 2018/1218},
	year = {2018},
	note = {\url{https://eprint.iacr.org/2018/1218}},
}

@misc{LibSodium,
title = {{libsodium 1.0.18-stable}},
howpublished = {\url{https://libsodium.gitbook.io/doc/}},
note = {Online; December 31 2020} ,
year=2020,
}